@book{LerdahlJackendoff83,
    author = {Lerdahl, Fred and Jackendoff, Ray},
    citeulike-article-id = {2435780},
    comment = {Generative grammar for sheet musics
based on natural constraints and preference rules
},
    keywords = {grammar, music},
    posted-at = {2008-02-27 11:49:44},
    priority = {2},
    publisher = {The MIT Press},
    title = {A Generative Theory of Tonal Music},
    year = {1983}
}


@book{CooperMeyer60,
    author = {Cooper, Grosvenor W. and Leonard B. Meyer},
    comment = {},
    keywords = {},
    publisher = {University of Chicago Press, Chicago, Illinois},
    title = {The rhythmic structure of music},
    year = {1960}
}


@book{Kramer88,
    author = {Kramer, Jonathan D},
    comment = {},
    keywords = {},
    publisher = {Schirmer Books, New York},
    title = {The time of music},
    year = {1988}
}


@book{Benjamin84,
    author = {Benjamin, William E},
    comment = {},
    keywords = {},
    publisher = {Music Perception},
    title = {A theory of musical meter},
    year = {1984}
}
