@inproceedings{FXPAL,
  author    = {Jonathan Foote},
  title     = {Visualizing music and audio using self-similarity},
  booktitle = {ACM Multimedia (1)},
  year      = {1999},
  pages     = {77-80},
  ee        = {http://doi.acm.org/10.1145/319463.319472},
  bibsource = {DBLP, http://dblp.uni-trier.de}
}
@inproceedings{MySong,
  author    = {Ian Simon and
               Dan Morris and
               Sumit Basu},
  title     = {MySong: automatic accompaniment generation for vocal melodies},
  booktitle = {CHI},
  year      = {2008},
  pages     = {725-734},
  ee        = {http://doi.acm.org/10.1145/1357054.1357169},
  crossref  = {DBLP:conf/chi/2008},
  bibsource = {DBLP, http://dblp.uni-trier.de}
}

@proceedings{DBLP:conf/chi/2008,
  editor    = {Mary Czerwinski and
               Arnold M. Lund and
               Desney S. Tan},
  title     = {Proceedings of the 2008 Conference on Human Factors in Computing
               Systems, CHI 2008, 2008, Florence, Italy, April 5-10, 2008},
  booktitle = {CHI},
  publisher = {ACM},
  year      = {2008},
  isbn      = {978-1-60558-011-1},
  bibsource = {DBLP, http://dblp.uni-trier.de}
}
@inproceedings{FooJoCooMa,
  author    = {Matthew L. Cooper and
               Jonathan Foote},
  title     = {Automatic Music Summarization via Similarity Analysis},
  booktitle = {ISMIR},
  year      = {2002},
  ee        = {http://ismir2002.ismir.net/proceedings/02-FP03-1.pdf},
  crossref  = {DBLP:conf/ismir/2002},
  bibsource = {DBLP, http://dblp.uni-trier.de}
}

@proceedings{DBLP:conf/ismir/2002,
  title     = {ISMIR 2002, 3rd International Conference on Music Information
               Retrieval,  Paris, France, October 13-17, 2002, Proceedings},
  booktitle = {ISMIR},
  year      = {2002},
  bibsource = {DBLP, http://dblp.uni-trier.de}
}

@article{DaCo,
 author = {David Cope},
 title = {A Musical Learning Algorithm},
 journal = {Comput. Music J.},
 volume = {28},
 number = {3},
 year = {2004},
 issn = {0148-9267},
 pages = {12--27},
 doi = {http://dx.doi.org/10.1162/0148926041790685},
 publisher = {MIT Press},
 address = {Cambridge, MA, USA},
 }

@phdthesis{nickcollinsphd,
author={Nick Collins},
title={Towards Autonomous Agents for Live Computer Music: Realtime Machine Listening and Interactive Music Systems},
school={University of Cambridge},
year={2006}
}

@book{Musimathics,
 author = {Gareth Loy},
 title = {Musimathics: The Mathematical Foundations of Music, Volume 1},
 year = {2006},
 isbn = {0262122820},
 publisher = {The MIT Press},
 }
