@book{lerjackGTTM,
    author = {Lerdahl, Fred and Jackendoff, Ray},
    citeulike-article-id = {2435780},
    comment = {Generative grammar for sheet musics
based on natural constraints and preference rules
},
    keywords = {grammar, music},
    posted-at = {2008-02-27 11:49:44},
    priority = {2},
    publisher = {The MIT Press},
    title = {A Generative Theory of Tonal Music},
    year = {1996}
}

